version https://git-lfs.github.com/spec/v1
oid sha256:ecaedbc95a34e052ba112b7643c94edb10daa43f5fcfbfd19ee1d4ed09073cd4
size 151
