version https://git-lfs.github.com/spec/v1
oid sha256:066935f6183a9d84c8ca12643ee2fb91338d5e225ef381cbbd3e9ae613abbb2f
size 54758
